@article{intent_based_routing,
    author = "Pham Tran Anh Quang et al.",
    title = "Intent-Based Routing Policy Optimization in SD-WAN",
    year = "2022",
    DOI = "https://doi.org/10.1109/ICC45855.2022.9838293",
}

@online{ns3,
	title = "Ns3",
	note={\url{https://www.nsnam.org/}, last accessed on 04/03/2025}
}

@online{cmake,
	title = "CMake",
	note={\url{https://cmake.org/}, last accessed on 04/03/2025}
}

@online{Ninja,
	title = "Ninja",
	note={\url{https://ninja-build.org/}, last accessed on 04/03/2025}
}

@online{or-tools,
	title = "Or-Tools",
	note={\url{https://developers.google.com/optimization?hl=it}, last accessed on 04/03/2025}
}

@online{ubuntu,
	title = "Ubuntu",
	note={\url{https://ubuntu.com/}, last accessed on 04/03/2025}
}

@online{ns3-docs,
	title = "Ns3 documentation",
	note={\url{https://www.nsnam.org/docs/installation/html/}, last accessed on 04/03/2025}
}

