@article{intent_based_routing,
    author = "Pham Tran Anh Quang et al.",
    title = "Intent-Based Routing Policy Optimization in SD-WAN",
    year = "2022",
    DOI = "https://doi.org/10.1109/ICC45855.2022.9838293",
}
@online{ns3,
	title = "Ns3",
	note={\url{https://www.nsnam.org/}, last accessed on 04/03/2025}
}
